<record><leader>00000cas a22000007a 4500</leader><controlfield tag="001">19099080</controlfield><controlfield tag="008">890203d18871uuulauwr ne      0    0eng d</controlfield><datafield ind1=" " ind2=" " tag="010"><subfield code="a">sn 89059003 </subfield></datafield><datafield ind1=" " ind2=" " tag="040"><subfield code="a">LNP</subfield><subfield code="b">eng</subfield><subfield code="c">LNP</subfield><subfield code="d">OCLCQ</subfield></datafield><datafield ind1=" " ind2=" " tag="042"><subfield code="a">msc</subfield></datafield><datafield ind1="0" ind2="4" tag="245"><subfield code="a">The Ouachita Democrat.</subfield></datafield><datafield ind1=" " ind2=" " tag="260"><subfield code="a">West Monroe, La. :</subfield><subfield code="b">W.T. Oakes</subfield></datafield><datafield ind1=" " ind2=" " tag="300"><subfield code="a">v.</subfield></datafield><datafield ind1=" " ind2=" " tag="310"><subfield code="a">Weekly</subfield></datafield><datafield ind1="0" ind2=" " tag="362"><subfield code="a">Vol. 2, no. 8 (Oct. 22, 1887)-</subfield></datafield><datafield ind1=" " ind2=" " tag="752"><subfield code="a">United States</subfield><subfield code="b">Louisiana</subfield><subfield code="c">Ouachita</subfield><subfield code="d">West Monroe.</subfield></datafield><datafield ind1="0" ind2="0" tag="780"><subfield code="t">West Monroe union</subfield><subfield code="w">(DLC)sn 89059001</subfield></datafield></record>